@inbook{ coursebook, 
author={James F. Kurose and Keith W. Ross},
                 year={2012},
title={Computer networking: a top-down approach},
publisher={Pearson},
edition={6th},
chapter={4},
}




@inbook{LPMcompnet,
author={Douglas E. Comer},
title={Computer Networks and Internets},
volume=5,
publisher={Pearson},
pages={369}

}